
@misc{AdwareWin32,
  title = {Adware:{{Win32}}/{{Lollipop}}!{{MSR}}},
  url = {https://www.microsoft.com/en-us/wdsi/threats/malware-encyclopedia-description?Name=Adware:Win32/Lollipop!MSR},
  urldate = {2021-07-08}
}

@article{bleiHierarchicalTopic2004,
  title = {Hierarchical Topic Models and the Nested Chinese Restaurant Process},
  author = {Blei, David and Griffiths, Thomas and Jordan, Michael and Tenenbaum, Joshua},
  year = {2004},
  month = may,
  journal = {Advances in Neural Information Processing Systems},
  volume = {16}
}

@article{bleiLatentDirichlet2003,
  title = {Latent Dirichlet Allocation},
  author = {Blei, David M. and Ng, Andrew Y. and Jordan, Michael I.},
  year = {2003},
  month = mar,
  journal = {The Journal of Machine Learning Research},
  volume = {3},
  pages = {993--1022},
  issn = {1532-4435}
}

@misc{CatLinux,
  title = {Cat(1) - Linux Manual Page},
  url = {https://man7.org/linux/man-pages/man1/cat.1.html},
  urldate = {2021-07-08}
}

@misc{CutLinux,
  title = {Cut(1) - Linux Manual Page},
  url = {https://man7.org/linux/man-pages/man1/cut.1.html},
  urldate = {2021-07-08}
}

@misc{dietzTopicModel,
  title = {Topic Model Evaluation: How Much Does It Help?},
  author = {Dietz, Laura},
  language = {en}
}

@inproceedings{djaneye-boundjouStaticAnalysis2019a,
  title = {Static Analysis through Topic Modeling and Its Application to Malware Programs Classification},
  booktitle = {2019 {{IEEE National Aerospace}} and {{Electronics Conference}} ({{NAECON}})},
  author = {{Djaneye-Boundjou}, Ouboti and {Messay-Kebede}, Temesguen and Kapp, David and Greer, Jeremiah and Ralescu, Anca},
  year = {2019},
  month = jul,
  pages = {226--231},
  issn = {2379-2027},
  doi = {10.1109/NAECON46414.2019.9057876}
}
% == BibTeX quality report for djaneye-boundjouStaticAnalysis2019a:
% ? Unsure about the formatting of the booktitle
% ? Unused libraryCatalog: IEEE Xplore
% ? Unused version: 1683

@inproceedings{fernandezContextsContextbased2007,
  title = {Contexts and Context-Based Access Control},
  booktitle = {2007 {{Third International Conference}} on {{Wireless}} and {{Mobile Communications}} ({{ICWMC}}'07)},
  author = {Fernandez, Eduardo B. and {Larrondo-Petrie}, Maria M. and Escobar, Alvaro E.},
  year = {2007},
  month = mar,
  pages = {73--73},
  doi = {10.1109/ICWMC.2007.30}
}
% == BibTeX quality report for fernandezContextsContextbased2007:
% ? Unsure about the formatting of the booktitle
% ? Unused libraryCatalog: IEEE Xplore
% ? Unused version: 1773

@article{gadhiyaTechniquesMalware2013,
  title = {Techniques for Malware Analysis},
  author = {Gadhiya, Savan and Bhavsar, Kaushal},
  year = {2013},
  month = apr,
  journal = {International Journal of Advanced Research in Computer Science and Software Engineering},
  volume = {3},
  number = {4},
  pages = {972--975},
  language = {en}
}

@phdthesis{greerUnsupervisedInterpretable2019,
  type = {Masters {{Thesis}}},
  title = {Unsupervised Interpretable Feature Extraction for Binary Executables Using {{LIBCAISE}}},
  author = {Greer, Jeremiah},
  year = {2019},
  url = {https://etd.ohiolink.edu/apexprod/rws_olink/r/1501/10?p10_etd_subid=180585&clear=10},
  urldate = {2020-12-18},
  language = {en},
  school = {University of Cincinnati}
}

@book{hastieElementsStatistical,
  title = {The Elements of Statistical Learning},
  author = {Hastie, Trevor and Tibshirani, Robert and Friedman, Jerome},
  number = {Second Edition},
  publisher = {{Springer}},
  url = {https://web.stanford.edu/~hastie/ElemStatLearn/},
  language = {en}
}
% == BibTeX quality report for hastieElementsStatistical:
% Missing required field 'year'
% ? Unused libraryCatalog: Zotero
% ? Unused version: 1696

@misc{IDAPro,
  title = {{{IDA Pro}}},
  journal = {Hex-Rays},
  url = {https://www.hex-rays.com/products/ida/},
  urldate = {2020-12-18},
  language = {en}
}
% == BibTeX quality report for IDAPro:
% ? Title looks like it was stored in title-case in Zotero
% ? Unused version: 1717

@inproceedings{messay-kebedeCombinationTraditional2018,
  title = {Combination of Traditional and Deep Learning Based Architectures to Overcome Class Imbalance and Its Application to Malware Classification},
  booktitle = {{{NAECON}} 2018 - {{IEEE National Aerospace}} and {{Electronics Conference}}},
  author = {{Messay-Kebede}, Temesguen and Narayanan, Barath Narayanan and {Djaneye-Boundjou}, Ouboti},
  year = {2018},
  month = jul,
  pages = {73--77},
  issn = {2379-2027},
  doi = {10.1109/NAECON.2018.8556722}
}
% == BibTeX quality report for messay-kebedeCombinationTraditional2018:
% ? Unsure about the formatting of the booktitle
% ? Unused libraryCatalog: IEEE Xplore
% ? Unused version: 1782

@article{narayananContextawareAdaptive2017,
  title = {Context-Aware, Adaptive, and Scalable Android Malware Detection through Online Learning},
  author = {Narayanan, A. and Chandramohan, M. and Chen, L. and Liu, Y.},
  year = {2017},
  month = jun,
  journal = {IEEE Transactions on Emerging Topics in Computational Intelligence},
  volume = {1},
  number = {3},
  pages = {157--175},
  issn = {2471-285X},
  doi = {10.1109/TETCI.2017.2699220}
}

@techreport{nolanEconomicCosts,
  title = {The Economic Costs of Cyber Risk},
  author = {Nolan, Chris and Fixler, Annie},
  institution = {{Foundation for Defense of Democracies (FDD)}},
  language = {en}
}
% == BibTeX quality report for nolanEconomicCosts:
% Missing required field 'year'
% ? Unused libraryCatalog: Zotero
% ? Unused version: 1722

@misc{nsaGhidra,
  title = {Ghidra},
  author = {{NSA}},
  journal = {Ghidra},
  url = {https://ghidra-sre.org/},
  urldate = {2020-12-18}
}

@misc{ObjdumpLinux,
  title = {Objdump(1) - Linux Manual Page},
  url = {https://man7.org/linux/man-pages/man1/objdump.1.html},
  urldate = {2021-07-08}
}

@misc{penalozaCybersecurityAttack2021,
  title = {Cybersecurity Attack Shuts down Colonial Pipeline},
  shorttitle = {Cybersecurity Attack Shuts down Colonial Pipeline},
  author = {Pe{\~n}aloza, Marisa},
  year = {2021},
  month = may,
  journal = {NPR.org},
  url = {https://web.archive.org/web/20210508181849/https://www.npr.org/2021/05/08/995040240/cybersecurity-attack-shuts-down-a-top-u-s-gasoline-pipeline},
  urldate = {2021-07-07}
}
% == BibTeX quality report for penalozaCybersecurityAttack2021:
% ? Possibly abbreviated journal title NPR.org
% ? Unused version: 1719

@article{ronenMicrosoftMalware2018,
  title = {Microsoft Malware Classification Challenge},
  author = {Ronen, Royi and Radu, Marian and Feuerstein, Corina and {Yom-Tov}, Elad and Ahmadi, Mansour},
  year = {2018},
  month = feb,
  journal = {arXiv:1802.10135 [cs]},
  eprint = {1802.10135},
  eprinttype = {arxiv},
  primaryclass = {cs},
  archiveprefix = {arXiv}
}
% == BibTeX quality report for ronenMicrosoftMalware2018:
% ? Possibly abbreviated journal title arXiv:1802.10135 [cs]
% ? Unused version: 1687

@misc{SedStream,
  title = {Sed, a Stream Editor},
  url = {https://www.gnu.org/software/sed/manual/sed.html},
  urldate = {2021-07-08}
}

@article{shebaroContextbasedAccess2015,
  title = {Context-Based Access Control Systems for Mobile Devices},
  author = {Shebaro, Bilal and Oluwatimi, Oyindamola and Bertino, Elisa},
  year = {2015},
  month = mar,
  journal = {IEEE Transactions on Dependable and Secure Computing},
  volume = {12},
  number = {2},
  pages = {150--163},
  issn = {1941-0018},
  doi = {10.1109/TDSC.2014.2320731}
}

@article{shresthaTapwaverubLightweight2015,
  title = {Tap-Wave-Rub: Lightweight Human Interaction Approach to Curb Emerging Smartphone Malware},
  shorttitle = {Tap-Wave-Rub},
  author = {Shrestha, Babins and Ma, Di and Zhu, Yan and Li, Haoyu and Saxena, Nitesh},
  year = {2015},
  month = nov,
  journal = {IEEE Transactions on Information Forensics and Security},
  volume = {10},
  number = {11},
  pages = {2270--2283},
  issn = {1556-6021},
  doi = {10.1109/TIFS.2015.2436364}
}

@inproceedings{sundarkumarMalwareDetection2015,
  title = {Malware Detection via {{API}} Calls, Topic Models and Machine Learning},
  booktitle = {2015 {{IEEE International Conference}} on {{Automation Science}} and {{Engineering}} ({{CASE}})},
  author = {Sundarkumar, G. Ganesh and Ravi, Vadlamani and Nwogu, Ifeoma and Govindaraju, Venu},
  year = {2015},
  month = aug,
  pages = {1212--1217},
  publisher = {{IEEE}},
  address = {{Gothenburg, Sweden}},
  doi = {10.1109/CoASE.2015.7294263},
  isbn = {978-1-4673-8183-3},
  language = {en}
}
% == BibTeX quality report for sundarkumarMalwareDetection2015:
% ? Unsure about the formatting of the booktitle
% ? Unused libraryCatalog: DOI.org (Crossref)
% ? Unused url: http://ieeexplore.ieee.org/document/7294263/
% ? Unused version: 1783

@misc{svenssonMalwerk,
  title = {Das Malwerk},
  author = {Svensson, Robert},
  url = {https://www.dasmalwerk.eu/},
  urldate = {2020-12-21}
}

@misc{temple-rastonWorstNightmare,
  title = {A 'worst Nightmare' Cyberattack: The Untold Story of the {{SolarWinds}} Hack},
  shorttitle = {A 'worst Nightmare' Cyberattack},
  author = {{Temple-Raston}, Dina},
  journal = {NPR.org},
  url = {https://web.archive.org/web/20210706101341/https://www.npr.org/2021/04/16/985439655/a-worst-nightmare-cyberattack-the-untold-story-of-the-solarwinds-hack},
  urldate = {2021-07-07},
  language = {en}
}
% == BibTeX quality report for temple-rastonWorstNightmare:
% ? Possibly abbreviated journal title NPR.org
% ? Unused version: 1719

@misc{VirToolWin32,
  title = {{{VirTool}}:{{Win32}}/{{Obfuscator}}.{{ACY}}},
  url = {https://www.microsoft.com/en-us/wdsi/threats/malware-encyclopedia-description?Name=VirTool:Win32/Obfuscator.ACY},
  urldate = {2021-07-08}
}

@misc{Win32Gatak,
  title = {Win32/{{Gatak}}},
  url = {https://www.microsoft.com/en-us/wdsi/threats/malware-encyclopedia-description?name=Win32/Gatak},
  urldate = {2021-07-08}
}

@misc{Win32Kelihos,
  title = {Win32/{{Kelihos}}},
  url = {https://www.microsoft.com/en-us/wdsi/threats/malware-encyclopedia-description?Name=Win32/Kelihos},
  urldate = {2021-07-08}
}

@misc{Win32Ramnit,
  title = {Win32/{{Ramnit}}},
  url = {https://www.microsoft.com/en-us/wdsi/threats/malware-encyclopedia-description?Name=Win32/Ramnit},
  urldate = {2021-07-08}
}

@misc{Win32Simda,
  title = {Win32/{{Simda}}},
  url = {https://www.microsoft.com/en-us/wdsi/threats/malware-encyclopedia-description?Name=Win32/Simda},
  urldate = {2021-07-08}
}

@misc{Win32Tracur,
  title = {Win32/{{Tracur}}},
  url = {https://www.microsoft.com/en-us/wdsi/threats/malware-encyclopedia-description?Name=Win32%2FTracur},
  urldate = {2021-07-08}
}

@misc{Win32Vundo,
  title = {Win32/{{Vundo}}},
  url = {https://www.microsoft.com/en-us/wdsi/threats/malware-encyclopedia-description?name=Win32%2FVundo},
  urldate = {2021-07-08}
}

@article{yueImbalancedMalware2017,
  title = {Imbalanced Malware Images Classification: A {{CNN}} Based Approach},
  shorttitle = {Imbalanced Malware Images Classification},
  author = {Yue, Songqing},
  year = {2017},
  month = aug,
  journal = {arXiv},
  url = {http://arxiv.org/abs/1708.08042},
  urldate = {2021-07-08}
}

@inproceedings{zhangUsingMultifeatures2016,
  title = {Using Multi-Features and Ensemble Learning Method for Imbalanced Malware Classification},
  booktitle = {2016 {{IEEE Trustcom}}/{{BigDataSE}}/{{ISPA}}},
  author = {Zhang, Yunan and Huang, Qingjia and Ma, Xinjian and Yang, Zeming and Jiang, Jianguo},
  year = {2016},
  month = aug,
  pages = {965--973},
  issn = {2324-9013},
  doi = {10.1109/TrustCom.2016.0163}
}
% == BibTeX quality report for zhangUsingMultifeatures2016:
% ? Unsure about the formatting of the booktitle
% ? Unused libraryCatalog: IEEE Xplore
% ? Unused version: 1782


